<?xml version="1.0" encoding="UTF-8"?><collection xmlns="http://www.loc.gov/MARC21/slim"><record><leader>00380nam--2200133-i-4500</leader><controlfield tag="001">000012692</controlfield><controlfield tag="002">20161230</controlfield><controlfield tag="005">20161230201029</controlfield><controlfield tag="008">060222s1000------------r-----000-0-eng-d</controlfield><datafield ind1=" " ind2=" " tag="080"><subfield code="a">519.677(047.3)</subfield></datafield><datafield ind1=" " ind2=" " tag="245"><subfield code="a">Agf-plotfile eine datei zum speochern und transportieren graphischer information</subfield></datafield><datafield ind1=" " ind2=" " tag="260"><subfield code="a">Karlsruhe, Kernforschungszentrum, 1979 34 P</subfield></datafield><datafield ind1=" " ind2=" " tag="490"><subfield code="a">2776</subfield></datafield><datafield ind1=" " ind2=" " tag="852"><subfield code="a">18754</subfield></datafield></record></collection>